<record><leader>00000cas a22000007a 4500</leader><controlfield tag="001">17694330</controlfield><controlfield tag="008">880329d19261977pauwr ne      0    0eng d</controlfield><datafield ind1=" " ind2=" " tag="010"><subfield code="a">sn 88079253 </subfield></datafield><datafield ind1=" " ind2=" " tag="040"><subfield code="a">NPH</subfield><subfield code="b">eng</subfield><subfield code="c">NPH</subfield><subfield code="d">NSD</subfield><subfield code="d">OCLCQ</subfield></datafield><datafield ind1=" " ind2=" " tag="042"><subfield code="a">msc</subfield></datafield><datafield ind1="0" ind2="4" tag="245"><subfield code="a">The Bridgeville news.</subfield></datafield><datafield ind1=" " ind2=" " tag="260"><subfield code="a">Bridgeville, Pa. :</subfield><subfield code="b">Bridgeville Pub. Co.,</subfield><subfield code="c">-1977.</subfield></datafield><datafield ind1=" " ind2=" " tag="300"><subfield code="a">v. :</subfield><subfield code="b">ill. ;</subfield><subfield code="c">55 cm.</subfield></datafield><datafield ind1=" " ind2=" " tag="310"><subfield code="a">Weekly</subfield></datafield><datafield ind1="1" ind2=" " tag="362"><subfield code="a">Began with Oct. 7, 1926 issue?</subfield></datafield><datafield ind1="0" ind2=" " tag="362"><subfield code="a">-v. 51, no. 38 (Apr. 28, 1977).</subfield></datafield><datafield ind1=" " ind2=" " tag="500"><subfield code="a">"Serving: Bridgeville, South Fayette, Upper St. Clair, Scott and Collier Townships and Oakdale Borough," &lt;1954&gt;.</subfield></datafield><datafield ind1=" " ind2=" " tag="515"><subfield code="a">Began new numbering Aug. 27, 1953.</subfield></datafield><datafield ind1=" " ind2=" " tag="588"><subfield code="a">Description based on: Vol. 24, no. 40 (June 23, 1950).</subfield></datafield><datafield ind1=" " ind2=" " tag="752"><subfield code="a">United States</subfield><subfield code="b">Pennsylvania</subfield><subfield code="c">Allegheny</subfield><subfield code="d">Bridgeville.</subfield></datafield><datafield ind1="0" ind2="0" tag="785"><subfield code="t">Bridgeville area news</subfield><subfield code="x">1047-0670</subfield><subfield code="w">(DLC)sn 88079268</subfield></datafield></record>